% This file was created with JabRef 2.10.
% Encoding: ISO8859_1


@Article{GW150914,
  Title                    = {{Observation of Gravitational Waves from a Binary Black Hole Merger}},
  Author                   = {{Abbott}, B.~P. and {Abbott}, R. and {Abbott}, T.~D. and {Abernathy},
 M.~R. and {Acernese}, F. and {Ackley}, K.},
  Journal                  = {\prl},
  Year                     = {2016},

  Month                    = Feb,
  Pages                    = {061102},
  Volume                   = {116},

  Adsnote                  = {Provided by the SAO/NASA Astrophysics Data System},
  Adsurl                   = {https://ui.adsabs.harvard.edu/\#abs/2016PhRvL.116f1102A},
  Archiveprefix            = {arXiv},
  Doi                      = {10.1103/PhysRevLett.116.061102},
  Eid                      = {061102},
  Eprint                   = {1602.03837},
  Keywords                 = {General Relativity and Quantum Cosmology, Astrophysics - High Energy Astrophysical Phenomena},
  Primaryclass             = {gr-qc},
  Sorttitle                = {GW150914_A}
}

@Article{GW150914_followup,
  Title                    = {{Localization and Broadband Follow-up of the Gravitational-wave Transient GW150914}},
  Author                   = {{Abbott}, B.~P. and {Abbott}, R. and {Abbott}, T.~D. and {Abernathy},
 M.~R. and {Acernese}, F. and {Ackley}, K.},
  Journal                  = {\apj},
  Year                     = {2016},

  Month                    = Jul,
  Pages                    = {L13},
  Volume                   = {826},

  Adsnote                  = {Provided by the SAO/NASA Astrophysics Data System},
  Adsurl                   = {https://ui.adsabs.harvard.edu/\#abs/2016ApJ...826L..13A},
  Archiveprefix            = {arXiv},
  Doi                      = {10.3847/2041-8205/826/1/L13},
  Eid                      = {L13},
  Eprint                   = {1602.08492},
  Keywords                 = {gravitational waves, methods: observational, Astrophysics - High Energy Astrophysical Phenomena, General Relativity and Quantum Cosmology},
  Primaryclass             = {astro-ph.HE}
}

@Article{GW151226,
  Title                    = {{GW151226: Observation of Gravitational Waves from a 22-Solar-Mass Binary Black Hole Coalescence}},
  Author                   = {{Abbott}, B.~P. and {Abbott}, R. and {Abbott}, T.~D. and {Abernathy},
 M.~R. and {Acernese}, F. and {Ackley}, K.},
  Journal                  = {\prl},
  Year                     = {2016},

  Month                    = Jun,
  Pages                    = {241103},
  Volume                   = {116},

  Adsnote                  = {Provided by the SAO/NASA Astrophysics Data System},
  Adsurl                   = {https://ui.adsabs.harvard.edu/\#abs/2016PhRvL.116x1103A},
  Archiveprefix            = {arXiv},
  Doi                      = {10.1103/PhysRevLett.116.241103},
  Eid                      = {241103},
  Eprint                   = {1606.04855},
  Keywords                 = {General Relativity and Quantum Cosmology, Astrophysics - High Energy Astrophysical Phenomena},
  Primaryclass             = {gr-qc}
}

